<collection xmlns="http://www.loc.gov/MARC21/slim">
<record>
  <leader>00910nam0a22002171i 450 </leader>
  <controlfield tag="001">IT\ICCU\CNCE\061705</controlfield>
  <controlfield tag="005">20051008000000.0</controlfield>
  <datafield tag="100" ind1=" " ind2=" ">
    <subfield code="a">20051008d1521        0itac0103    ba</subfield>
  </datafield>
  <datafield tag="101" ind1=" " ind2=" ">
    <subfield code="a">LAT</subfield>
  </datafield>
  <datafield tag="102" ind1=" " ind2=" ">
    <subfield code="a">IT</subfield>
  </datafield>
  <datafield tag="200" ind1="1" ind2=" ">
    <subfield code="a">Almanach perpetuum exactissime nuper emendatum omnium celi motuum cum additionibus in eo factis tenens complementum</subfield>
  </datafield>
  <datafield tag="210" ind1=" " ind2=" ">
    <subfield code="a">Venetiis</subfield>
    <subfield code="d">1521</subfield>
  </datafield>
  <datafield tag="215" ind1=" " ind2=" ">
    <subfield code="a">4ʻ</subfield>
  </datafield>
  <datafield tag="620" ind1=" " ind2=" ">
    <subfield code="a">IT</subfield>
    <subfield code="d">Venezia</subfield>
  </datafield>
  <datafield tag="700" ind1=" " ind2="1">
    <subfield code="a">Zacuto,</subfield>
    <subfield code="b">Abraham ben Samuel</subfield>
    <subfield code="3">IT\ICCU\CNCA\010007</subfield>
  </datafield>
  <datafield tag="712" ind1="0" ind2="2">
    <subfield code="a">s.n.</subfield>
    <subfield code="3">IT\ICCU\CNCT\000002</subfield>
    <subfield code="4">650</subfield>
  </datafield>
  <datafield tag="790" ind1=" " ind2="0">
    <subfield code="a">Abraham ben Samuel Zacuto</subfield>
    <subfield code="3">IT\ICCU\CNCA\012284</subfield>
    <subfield code="z">Zacuto, Abraham ben Samuel</subfield>
  </datafield>
  <datafield tag="790" ind1=" " ind2="1">
    <subfield code="a">Zacuti,</subfield>
    <subfield code="b">Abraham</subfield>
    <subfield code="3">IT\ICCU\CNCA\025374</subfield>
    <subfield code="z">Zacuto, Abraham ben Samuel</subfield>
  </datafield>
  <datafield tag="790" ind1=" " ind2="1">
    <subfield code="a">Zacuto,</subfield>
    <subfield code="b">Abraham bar Samuel bar Abraham</subfield>
    <subfield code="3">IT\ICCU\CNCA\025375</subfield>
    <subfield code="z">Zacuto, Abraham ben Samuel</subfield>
  </datafield>
  <datafield tag="790" ind1=" " ind2="1">
    <subfield code="a">Zakto,</subfield>
    <subfield code="b">Avraham ben Semel&apos;el</subfield>
    <subfield code="3">IT\ICCU\CNCA\025376</subfield>
    <subfield code="z">Zacuto, Abraham ben Samuel</subfield>
  </datafield>
  <datafield tag="801" ind1=" " ind2="3">
    <subfield code="a">IT</subfield>
    <subfield code="b">ICCU</subfield>
    <subfield code="c">20201115</subfield>
  </datafield>
</record>
</collection>
